<?xml version="1.0" encoding="UTF-8"?><collection xmlns="http://www.loc.gov/MARC21/slim"><record><leader>00633nam--2200181-i-4500</leader><controlfield tag="001">000011791</controlfield><controlfield tag="002">20161230</controlfield><controlfield tag="005">20161230201029</controlfield><controlfield tag="008">060222s1000------------r-----000-0-eng-d</controlfield><datafield ind1=" " ind2=" " tag="040"><subfield code="a">IFIN-HH</subfield></datafield><datafield ind1=" " ind2=" " tag="080"><subfield code="a">535.8(061.3)621.38(061.38):535.33(061.3):621.375.826(061.3)</subfield></datafield><datafield ind1="1" ind2=" " tag="110"><subfield code="a">Bhabha Atomic Research Centre Bombay</subfield></datafield><datafield ind1="1" ind2="0" tag="245"><subfield code="a">Proceedings of the symposium o quantum and opto-electronics</subfield><subfield code="b">Bhabha atomic research centre bombay, february 25-26, 1974</subfield></datafield><datafield ind1=" " ind2=" " tag="260"><subfield code="a">Bangalore</subfield><subfield code="b">Department Of Atomic Energy Covernment Of India</subfield><subfield code="c">1974</subfield></datafield><datafield ind1=" " ind2=" " tag="300"><subfield code="a">694P</subfield></datafield><datafield ind1=" " ind2=" " tag="490"><subfield code="a">Proceedings</subfield></datafield><datafield ind1=" " ind2=" " tag="852"><subfield code="a">43503</subfield><subfield code="c">535</subfield></datafield><datafield ind1=" " ind2=" " tag="CAT"><subfield code="a">Sys</subfield><subfield code="c">20101108</subfield><subfield code="h">151908</subfield></datafield></record></collection>